@book{pathria,
  author    = {R.K. Pathria and Paul D. Beale},
  title     = {Statistical Mechanics},
  year      = {2011},
  edition   = {3rd},
  publisher = {Elsevier},
  address   = {Oxford, UK}
}

@article{jaynes,
  author  = {E.T. Jaynes},
  title   = {Information Theory and Statistical Mechanics},
  journal = {Physical Review},
  year    = {1957},
  volume  = {106},
  number  = {4},
  pages   = {620-630}
}

@book{cover,
  author    = {Thomas M. Cover and Joy A. Thomas},
  title     = {Elements of Information Theory},
  year      = {2006},
  edition   = {2nd},
  publisher = {Wiley-Interscience},
  address   = {Hoboken, NJ, USA}
}

@article{chatterjee,
  author  = {A. Chatterjee and B.K. Chakrabarti and S.S. Manna},
  title   = {Pareto Law in a Kinetic Model of Market with Random Saving Propensity},
  journal = {Physica A},
  year    = {2004},
  volume  = {335},
  pages   = {155-163}
}

@book{degroot,
  author    = {S.R. de Groot and P. Mazur},
  title     = {Non-Equilibrium Thermodynamics},
  year      = {1984},
  publisher = {Dover Publications},
  address   = {New York, NY, USA}
}

@book{stanley,
  author    = {H.E. Stanley},
  title     = {Introduction to Phase Transitions and Critical Phenomena},
  year      = {1971},
  publisher = {Oxford University Press},
  address   = {Oxford, UK}
}

@book{plischke,
  author    = {Michael Plischke and Birger Bergersen},
  title     = {Equilibrium Statistical Physics},
  year      = {2006},
  edition   = {3rd},
  publisher = {World Scientific},
  address   = {Singapore}
}

@book{attard,
  author    = {Phil Attard},
  title     = {Non-Equilibrium Thermodynamics and Statistical Mechanics: Foundations and Applications},
  year      = {2012},
  publisher = {Oxford University Press},
  address   = {Oxford, UK}
}

@article{tilman,
  author  = {David Tilman},
  title   = {The Ecological Consequences of Changes in Biodiversity: A Search for General Principles},
  journal = {Ecology},
  year    = {1999},
  volume  = {80},
  number  = {5},
  pages   = {1455-1474}
}

@book{whittaker,
  author    = {Robert H. Whittaker},
  title     = {Communities and Ecosystems},
  year      = {1975},
  edition   = {2nd},
  publisher = {Macmillan},
  address   = {New York, NY, USA}
}

@book{grace,
  author    = {James B. Grace},
  title     = {Theoretical Ecology: Principles and Applications},
  year      = {1998},
  publisher = {University of Chicago Press},
  address   = {Chicago, IL, USA}
}
